%%% Acknowledgement abbreviations:

%%% Journal abbreviations:

@String{j-LECT-NOTES-COMP-SCI   = "Lecture Notes in Computer Science"}

%%% Publishers and their addresses:

@String{pub-PH                  = "Pren{\-}tice-Hall"}
@String{pub-PH:adr              = "Englewood Cliffs, NJ 07632, USA"}
@String{pub-BB                  = "Basic Books"}
@String{pub-WNT                 = "Wydawnictwa Naukowo-Techniczne"}


%%% Bibliography entries

@Article{Call:2005:CME,
  author =       "J. S. Goettl, A. W. Brugh, B. A. Julstrom",
  title =        "Call Me E-Mail: Arranging the Keyboard with a Permutation-Coded Genetic Algorithm",
  journal =      "Proceedings of the 2005 SCM Symposium on Applied Computing",
  volume =       "2",
  pages =        "947--951",
  year =         "2005",
}

@Article{Larranaga99geneticalgorithms,
  author = {P. Larra√±aga and C. M. H. Kuijpers and R.H. Murga and I. Inza and S. Dizdarevic},
  title = {Genetic Algorithms for the Travelling Salesman Problem: A Review of Representations and Operators},
  journal = {Artificial Intelligence Review},
  year = {1999},
  volume = {13},
  pages = {129--170}
}

@Article{Eggers2003672,
  title = "Optimization of the keyboard arrangement problem using an Ant Colony algorithm",
  journal = "European Journal of Operational Research",
  volume = "148",
  number = "3",
  pages = "672 - 686",
  year = "2003",
  note = "",
  issn = "0377-2217",
  doi = "DOI: 10.1016/S0377-2217(02)00489-7",
  url = "http://www.sciencedirect.com/science/article/pii/S0377221702004897",
  author = "J. Eggers and D. Feillet and S. Kehl and M. O. Wagner and B. Yannou",
  keywords = "Ant Colony optimization",
  keywords = "Keyboard arrangement"
}

@Article{Yin201143,
  title = "Cyber Swarm optimization for general keyboard arrangement problem",
  journal = "International Journal of Industrial Ergonomics",
  volume = "41",
  number = "1",
  pages = "43 - 52",
  year = "2011",
  note = "",
  issn = "0169-8141",
  doi = "DOI: 10.1016/j.ergon.2010.11.007",
  url = "http://www.sciencedirect.com/science/article/pii/S0169814110001058",
  author = "P. Yin and E. Su",
  keywords = "Cyber swarm optimization",
  keywords = "Keyboard arrangement problem",
  keywords = "Multiple objectives",
  keywords = "Metaheuristics",
  keywords = "Optimization"
}

@Article{Hindi,
  author = {P. Deshwal and K. Deb},
  title = {Design of an Optimal Hindi Keyboard for Convenient and Efficient Use},
  journal = "Technical Report KanGAL Report No. 2003005, Indian Institute of Technology, Kanpur",
  year = "2003",
}

@Article{Ji_asolution,
  author = {P. Ji, Y. Wu and H. Liu},
  title = {A Solution Method for the Quadratic Assignment Problem (QAP)},
  year = {2006},
  journal = "Lecture Notes in Operations Research",
  volume = "6",
  pages = "106 - 117",
}

@Article{Misevicius200465,
  title = "An improved hybrid genetic algorithm: new results for the quadratic assignment problem",
  journal = "Knowledge-Based Systems",
  volume = "17",
  number = "2-4",
  pages = "65 - 73",
  year = "2004",
  issn = "0950-7051",
  doi = "DOI: 10.1016/j.knosys.2004.03.001",
  url = "http://www.sciencedirect.com/science/article/pii/S0950705104000024",
  author = "A. Misevicius",
  keywords = "Genetic algorithms",
  keywords = "Combinatorial optimization",
  keywords = "Quadratic assignment problem"
}

@Article{Li2006695,
  title = "A heuristic-based approach to optimize keyboard design for single-finger keying applications",
  journal = "International Journal of Industrial Ergonomics",
  volume = "36",
  number = "8",
  pages = "695 - 704",
  year = "2006",
  note = "",
  issn = "0169-8141",
  doi = "DOI: 10.1016/j.ergon.2006.04.009",
  url = "http://www.sciencedirect.com/science/article/pii/S0169814106000886",
  author = "Y. Li and L. Chen and R. S. Goonetilleke",
  keywords = "Keyboard design",
  keywords = "Fitts law",
  keywords = "QWERTY",
  keywords = "Dvorak",
  keywords = "Gaze-control",
  keywords = "Pointer-based control",
  keywords = "FITALY",
  keywords = "Metropolis"
}

@InCollection{GloverKey,
  author =       "D. E. Glover",
  title =        "Solving a Complex Keyboard Configuration Problem Through Generalized Adaptive Search",
  booktitle =    "Genetic Algorithms and Simulated Annealing",
  pages =        "12--27",
  year =         "1987"
}

@Article{Anderson:SimulatedAnnealing,
  author =       "L. W. Light and P. G. Anderson",
  title =        "Typewriter keyboards via simulated annealing",
  journal =      "AI Expert",
  year =         "1993",
  month =        sep,
}

@Article{Brady,
  author = "R. M. Brady",
  title = "Optimization strategies gleaned from biological evolution",
  journal = "Nature",
  year = "1985",
  volume = "317",
  pages = "804 - 806",
}

@InProceedings{Oliver,
  author = "I. M. Oliver and D. J. Smith and J. R. C. Holland",
  title = "A study of permutation crossover operators on the TSP",
  booktitle = "Genetic algorithms and their applications: Proceedings of the Second International Conference",
  editor = "J. J. Grefenstette",
  year = "1987",
  address = "Hillsdale, New Jersey",
  pages = "224 - 230",
}

@InProceedings{GoldbergLingle,
  author = "D. E. Goldberg and R. Lingle",
  title = "Alleles, Loci and the TSP",
  booktitle = "Proceedings of the First International Conference on Genetic Algorithms and their Applications",
  editor = "J. J. Grefenstette",
  year = "1985",
  address = "Hillsdale, New Jersey",
  pages = "154 - 159",
}

@InCollection{Syswerda,
  title = "Schedule optimization using genetic algorithms",
  author = "G. Syswerda",
  booktitle = "Handbook of Genetic Algorithms",
  editor = "L. Davis",
  publisher = "Van Nostrand Reinhold, New York",
  pages = "332 - 349",
  year = "1991",
}

@Article{Fogel1993,
  author = "D. B. Fogel",
  title = "Applying evolutionary programming to selected travelling salesman problems",
  journal = "Cybernetics and Systems",
  year = "1993",
  volume = "24",
  pages = "27 - 36",
}

@InProceedings{Stutzle:2000:CNI:645825.668943,
  author = {T. St\"{u}tzle and A. Gr\"{u}n and S. Linke and M. R\"{u}ttger},
  title = {A Comparison of Nature Inspired Heuristics on the Traveling Salesman Problem},
  booktitle = {Proceedings of the 6th International Conference on Parallel Problem Solving from Nature},
  series = {PPSN VI},
  year = {2000},
  isbn = {3-540-41056-2},
  pages = {661--670},
  numpages = {10},
  url = {http://dl.acm.org/citation.cfm?id=645825.668943},
  acmid = {668943},
  publisher = {Springer-Verlag},
  address = {London, UK},
}

@PhdThesis{Shaffer1984,
  author = "J. D. Shaffer",
  title = "Some Experiments in Machine Learning Using Vector Evaluated Genetic Algorithms",
  school = "Vanderbilt University, Nashville",
  year ="1984",
}

@Article{SrinivasDeb,
  title = "Multiobjective Optimization Using Nondominated Sorting in Genetic Algorithms",
  author = "N. Srinivas and K. Deb",
  journal = "Evolutionary Computation",
  volume = "2",
  number = "3",
  year = "1994",
  pages = "221 - 248",
}

@Book{Luke2009Metaheuristics,
  author = { S. Luke },
  title = { Essentials of Metaheuristics},
  year = { 2009 },
  publisher = { Lulu },
  note = { Available for free at http://cs.gmu.edu/$\sim$sean/book/metaheuristics/ }
}

@Book{Michalewicz:2003:AGSDPE,
  author =       "Z. Michalewicz",
  title =        "Algorytmy genetyczne + struktury danych = programy ewolucyjne",
  year =         "2003",
  edition =      "Third",
  ISBN =         "83-204-2881-5",
  publisher =    pub-WNT,
}

@Book{Goldberg:1998:AGZ,
  author =       "D.E. Goldberg",
  title =        "Algorytmy genetyczne i ich zastosowania",
  year =         "1998",
  edition =      "Second",
  ISBN =         "83-204-2272-8",
  publisher =    pub-WNT,
}

@Book{Holland1975,
  author =       "J. Holland",
  title =        "Adaptation in Natural and Artificial Systems",
  year =         "1975",
  publisher =    "University of Michigan Press, Ann Arbor",
}

@Book{Norman:1988:DOET,
  author =       "D. A. Norman",
  title =        "The Design of Everyday Things",
  year =         "1988",
  ISBN =         "0-465-06710-7",
  ISBN-13 =      "978-0-465-06710-7",
  publisher =    pub-BB,
  keywords =     "design",
}

@Book{cassingham1986dvorak,
  title={The Dvorak Keyboard: The Ergonomically Designed Typewriter Keyboard, Now an American Standard},
  author={R. C. Cassingham},
  isbn={9780935309102},
  lccn={85081287},
  url={http://books.google.com/books?id=SO2ZAAAACAAJ},
  year={1986},
  publisher={Freelance Communications}
}
