%%% Acknowledgement abbreviations:

@String{ack-nhfb = "Nelson H. F. Beebe,
                    University of Utah,
                    Department of Mathematics, 110 LCB,
                    155 S 1400 E RM 233,
                    Salt Lake City, UT 84112-0090, USA,
                    Tel: +1 801 581 5254,
                    FAX: +1 801 581 4148,
                    e-mail: \path|beebe@math.utah.edu|,
                            \path|beebe@acm.org|,
                            \path|beebe@computer.org| (Internet),
                    URL: \path|http://www.math.utah.edu/~beebe/|"}

%%% Journal abbreviations:

@String{j-LECT-NOTES-COMP-SCI   = "Lecture Notes in Computer Science"}

%%% Publishers and their addresses:

@String{pub-PH                  = "Pren{\-}tice-Hall"}
@String{pub-PH:adr              = "Englewood Cliffs, NJ 07632, USA"}
@String{pub-BB                  = "Basic Books"}


%%% Bibliography entries

@Article{Call:2005:CME,
  author =       "Jeffrey S. Goettl, Alexander W. Brugh, Bryant A. Julstrom",
  title =        "Call Me E-Mail: Arranging the Keyboard with a Permutation-Coded Genetic Algorithm",
  journal =      "Proceedings of the 2005 SCM Symposium on Applied Computing",
  volume =       "2",
  pages =        "947--951",
  year =         "2005",
}

@Article{Operators:2000:TSP,
  author =       "P. Larranaga, C.M.H. Kuijpers, R.H. Murga",
  title =        "Genetic Algorithms for the Travelling Salesman Problem: A Review of Representations and Operators",
  journal =      "University of the Basque",
  volume =       "148",
  number =       "2",
  pages =        "672--686",
  month =        oct,
  year =         "2002",
  bibdate =      "Mon Jan 12 07:43:34 MST 2004",
  bibsource =    "http://www.sciencedirect.com",
  acknowledgement = ack-nhfb,
}

@Article{AntColony:2002:ACO,
  author =       "Jan Eggers, Dominique Feillet, Steffen Kehl and Bernard Yannou",
  title =        "Optimization of the keyboard arrangement problem using an Ant Colony algorithm",
  journal =      "European Journal of Operational Research",
  volume =       "148",
  number =       "2",
  pages =        "672--686",
  month =        oct,
  year =         "2002",
  bibdate =      "Mon Jan 12 07:43:34 MST 2004",
  bibsource =    "http://www.sciencedirect.com",
  acknowledgement = ack-nhfb,
}

@Book{Norman:1988:DOET,
  author =       "Donald A. Norman",
  title =        "The Design of Everyday Things",
  year =         "1988",
  ISBN =         "0-465-06710-7",
  ISBN-13 =      "978-0-465-06710-7",
  publisher =    pub-BB,
  keywords =     "design",
}


@Article{Eisenberg:2002:SXM,
  author =       "Andrew Eisenberg and Jim Melton",
  title =        "{SQL\slash XML} is making good progress",
  journal =      "SIGMOD",
  volume =       "31",
  number =       "2",
  pages =        "101--108",
  month =        jun,
  year =         "2002",
  bibdate =      "Mon Jan 12 07:43:34 MST 2004",
  bibsource =    "http://portal.acm.org/",
  acknowledgement = ack-nhfb,
}

@Article{Elmasri:2002:CMC,
  author =       "Ramez Elmasri and Yu-Chi Wu and Babak Hojabri and
                 Charley Li and Jack Fu",
  title =        "Conceptual Modeling for Customized {XML} Schemas",
  journal =      j-LECT-NOTES-COMP-SCI,
  volume =       "2503",
  pages =        "429--??",
  year =         "2002",
  CODEN =        "LNCSD9",
  ISSN =         "0302-9743",
  bibdate =      "Sat Nov 30 20:57:43 MST 2002",
  bibsource =    "http://link.springer-ny.com/link/service/series/0558/tocs/t2503.htm",
  URL =          "http://link.springer.de/link/service/series/0558/bibs/2503/25030429.htm;
                 http://link.springer.de/link/service/series/0558/papers/2503/25030429.pdf",
  acknowledgement = ack-nhfb,
}

@Book{Goldfarb:2002:CFG,
  author =       "Charles F. Goldfarb and Paul Prescod",
  title =        "{Charles F. Goldfarb}'s {XML} handbook",
  publisher =    pub-PH,
  address =      pub-PH:adr,
  edition =      "Fourth",
  pages =        "lvii + 1147",
  year =         "2002",
  ISBN =         "0-13-065198-2",
  ISBN-13 =      "978-0-13-065198-3",
  LCCN =         "QA76.76.H94 G65 2002",
  bibdate =      "Fri Sep 13 06:33:58 MDT 2002",
  series =       "Charles F. Goldfarb definitive XML series",
  acknowledgement = ack-nhfb,
  keywords =     "XML (document markup language)",
}
